%YAML 1.1
%TAG !u! tag:unity3d.com,2011:
--- !u!1 &925583227976233549
GameObject:
  m_ObjectHideFlags: 0
  m_CorrespondingSourceObject: {fileID: 0}
  m_PrefabInstance: {fileID: 0}
  m_PrefabAsset: {fileID: 0}
  serializedVersion: 6
  m_Component:
  - component: {fileID: 925583227976233548}
  - component: {fileID: 925583227976233559}
  - component: {fileID: 925583227976233544}
  - component: {fileID: 50361514282071440}
  - component: {fileID: 114839323997856332}
  - component: {fileID: 7785114000687455392}
  - component: {fileID: 4924855196044718576}
  m_Layer: 9
  m_Name: Aristocrat
  m_TagString: Untagged
  m_Icon: {fileID: 0}
  m_NavMeshLayer: 0
  m_StaticEditorFlags: 0
  m_IsActive: 1
--- !u!4 &925583227976233548
Transform:
  m_ObjectHideFlags: 0
  m_CorrespondingSourceObject: {fileID: 0}
  m_PrefabInstance: {fileID: 0}
  m_PrefabAsset: {fileID: 0}
  m_GameObject: {fileID: 925583227976233549}
  m_LocalRotation: {x: -0, y: -0, z: -0, w: 1}
  m_LocalPosition: {x: -4.285, y: 1.066, z: 0}
  m_LocalScale: {x: 1, y: 1, z: 1}
  m_Children:
  - {fileID: 1777663572883694707}
  - {fileID: 3794050024395612198}
  m_Father: {fileID: 0}
  m_RootOrder: 0
  m_LocalEulerAnglesHint: {x: 0, y: 0, z: 0}
--- !u!212 &925583227976233559
SpriteRenderer:
  m_ObjectHideFlags: 0
  m_CorrespondingSourceObject: {fileID: 0}
  m_PrefabInstance: {fileID: 0}
  m_PrefabAsset: {fileID: 0}
  m_GameObject: {fileID: 925583227976233549}
  m_Enabled: 1
  m_CastShadows: 0
  m_ReceiveShadows: 0
  m_DynamicOccludee: 1
  m_MotionVectors: 1
  m_LightProbeUsage: 1
  m_ReflectionProbeUsage: 1
  m_RenderingLayerMask: 1
  m_RendererPriority: 0
  m_Materials:
  - {fileID: 10754, guid: 0000000000000000f000000000000000, type: 0}
  m_StaticBatchInfo:
    firstSubMesh: 0
    subMeshCount: 0
  m_StaticBatchRoot: {fileID: 0}
  m_ProbeAnchor: {fileID: 0}
  m_LightProbeVolumeOverride: {fileID: 0}
  m_ScaleInLightmap: 1
  m_PreserveUVs: 0
  m_IgnoreNormalsForChartDetection: 0
  m_ImportantGI: 0
  m_StitchLightmapSeams: 0
  m_SelectedEditorRenderState: 0
  m_MinimumChartSize: 4
  m_AutoUVMaxDistance: 0.5
  m_AutoUVMaxAngle: 89
  m_LightmapParameters: {fileID: 0}
  m_SortingLayerID: 1221879445
  m_SortingLayer: 1
  m_SortingOrder: 1
  m_Sprite: {fileID: 21300000, guid: 58939ace19d084439ba55b637dd60977, type: 3}
  m_Color: {r: 1, g: 1, b: 1, a: 1}
  m_FlipX: 0
  m_FlipY: 0
  m_DrawMode: 0
  m_Size: {x: 0.45, y: 0.68}
  m_AdaptiveModeThreshold: 0.5
  m_SpriteTileMode: 0
  m_WasSpriteAssigned: 1
  m_MaskInteraction: 0
  m_SpriteSortPoint: 0
--- !u!95 &925583227976233544
Animator:
  serializedVersion: 3
  m_ObjectHideFlags: 0
  m_CorrespondingSourceObject: {fileID: 0}
  m_PrefabInstance: {fileID: 0}
  m_PrefabAsset: {fileID: 0}
  m_GameObject: {fileID: 925583227976233549}
  m_Enabled: 1
  m_Avatar: {fileID: 0}
  m_Controller: {fileID: 9100000, guid: ddda9ce8b9802479ab9831e7a83698cb, type: 2}
  m_CullingMode: 0
  m_UpdateMode: 0
  m_ApplyRootMotion: 0
  m_LinearVelocityBlending: 0
  m_WarningMessage: 
  m_HasTransformHierarchy: 1
  m_AllowConstantClipSamplingOptimization: 1
  m_KeepAnimatorControllerStateOnDisable: 0
--- !u!50 &50361514282071440
Rigidbody2D:
  serializedVersion: 4
  m_ObjectHideFlags: 0
  m_CorrespondingSourceObject: {fileID: 0}
  m_PrefabInstance: {fileID: 0}
  m_PrefabAsset: {fileID: 0}
  m_GameObject: {fileID: 925583227976233549}
  m_BodyType: 0
  m_Simulated: 1
  m_UseFullKinematicContacts: 0
  m_UseAutoMass: 0
  m_Mass: 1
  m_LinearDrag: 0
  m_AngularDrag: 0.05
  m_GravityScale: 1
  m_Material: {fileID: 0}
  m_Interpolate: 1
  m_SleepingMode: 1
  m_CollisionDetection: 0
  m_Constraints: 4
--- !u!114 &114839323997856332
MonoBehaviour:
  m_ObjectHideFlags: 0
  m_CorrespondingSourceObject: {fileID: 0}
  m_PrefabInstance: {fileID: 0}
  m_PrefabAsset: {fileID: 0}
  m_GameObject: {fileID: 925583227976233549}
  m_Enabled: 1
  m_EditorHideFlags: 0
  m_Script: {fileID: 11500000, guid: 48a8f2fd3c37845eaa242582641b5c6d, type: 3}
  m_Name: 
  m_EditorClassIdentifier: 
  m_character:
    m_id: 8320151715438832250
  m_movementSpeed: 3
  m_spriteFacesRight: 1
  m_initialInteractionKnotPath: 
  m_selectionVisual: {fileID: 3897528946398495918}
--- !u!61 &7785114000687455392
BoxCollider2D:
  m_ObjectHideFlags: 0
  m_CorrespondingSourceObject: {fileID: 0}
  m_PrefabInstance: {fileID: 0}
  m_PrefabAsset: {fileID: 0}
  m_GameObject: {fileID: 925583227976233549}
  m_Enabled: 1
  m_Density: 1
  m_Material: {fileID: 0}
  m_IsTrigger: 0
  m_UsedByEffector: 0
  m_UsedByComposite: 0
  m_Offset: {x: 0, y: 0}
  m_SpriteTilingProperty:
    border: {x: 0, y: 0, z: 0, w: 0}
    pivot: {x: 0.5, y: 0.5}
    oldSize: {x: 0.46, y: 1}
    newSize: {x: 0.45, y: 0.68}
    adaptiveTilingThreshold: 0.5
    drawMode: 0
    adaptiveTiling: 0
  m_AutoTiling: 0
  serializedVersion: 2
  m_Size: {x: 0.46, y: 1}
  m_EdgeRadius: 0
--- !u!114 &4924855196044718576
MonoBehaviour:
  m_ObjectHideFlags: 0
  m_CorrespondingSourceObject: {fileID: 0}
  m_PrefabInstance: {fileID: 0}
  m_PrefabAsset: {fileID: 0}
  m_GameObject: {fileID: 925583227976233549}
  m_Enabled: 1
  m_EditorHideFlags: 0
  m_Script: {fileID: 11500000, guid: cf3405a49baeb407ab2797d7c73cd066, type: 3}
  m_Name: 
  m_EditorClassIdentifier: 
  m_name: Aristocrat
  m_saveLocalTransform: 1
--- !u!1 &9178346204687294234
GameObject:
  m_ObjectHideFlags: 0
  m_CorrespondingSourceObject: {fileID: 0}
  m_PrefabInstance: {fileID: 0}
  m_PrefabAsset: {fileID: 0}
  serializedVersion: 6
  m_Component:
  - component: {fileID: 3794050024395612198}
  - component: {fileID: 4899766194320599054}
  - component: {fileID: 600309676435172689}
  - component: {fileID: 2375734480240217384}
  m_Layer: 0
  m_Name: leaf
  m_TagString: Untagged
  m_Icon: {fileID: 0}
  m_NavMeshLayer: 0
  m_StaticEditorFlags: 0
  m_IsActive: 1
--- !u!4 &3794050024395612198
Transform:
  m_ObjectHideFlags: 0
  m_CorrespondingSourceObject: {fileID: 0}
  m_PrefabInstance: {fileID: 0}
  m_PrefabAsset: {fileID: 0}
  m_GameObject: {fileID: 9178346204687294234}
  m_LocalRotation: {x: -0, y: -0, z: -0.2579438, w: 0.96615994}
  m_LocalPosition: {x: -0.049, y: 0.371, z: 0}
  m_LocalScale: {x: 0.23121886, y: 0.23121886, z: 0.23121886}
  m_Children: []
  m_Father: {fileID: 925583227976233548}
  m_RootOrder: 1
  m_LocalEulerAnglesHint: {x: 0, y: 0, z: -29.896002}
--- !u!212 &4899766194320599054
SpriteRenderer:
  m_ObjectHideFlags: 0
  m_CorrespondingSourceObject: {fileID: 0}
  m_PrefabInstance: {fileID: 0}
  m_PrefabAsset: {fileID: 0}
  m_GameObject: {fileID: 9178346204687294234}
  m_Enabled: 1
  m_CastShadows: 0
  m_ReceiveShadows: 0
  m_DynamicOccludee: 1
  m_MotionVectors: 1
  m_LightProbeUsage: 1
  m_ReflectionProbeUsage: 1
  m_RenderingLayerMask: 1
  m_RendererPriority: 0
  m_Materials:
  - {fileID: 10754, guid: 0000000000000000f000000000000000, type: 0}
  m_StaticBatchInfo:
    firstSubMesh: 0
    subMeshCount: 0
  m_StaticBatchRoot: {fileID: 0}
  m_ProbeAnchor: {fileID: 0}
  m_LightProbeVolumeOverride: {fileID: 0}
  m_ScaleInLightmap: 1
  m_PreserveUVs: 0
  m_IgnoreNormalsForChartDetection: 0
  m_ImportantGI: 0
  m_StitchLightmapSeams: 0
  m_SelectedEditorRenderState: 0
  m_MinimumChartSize: 4
  m_AutoUVMaxDistance: 0.5
  m_AutoUVMaxAngle: 89
  m_LightmapParameters: {fileID: 0}
  m_SortingLayerID: 1221879445
  m_SortingLayer: 1
  m_SortingOrder: 2
  m_Sprite: {fileID: 21300008, guid: 60686bda1d8c824439baf37cf9cdd6f1, type: 3}
  m_Color: {r: 1, g: 1, b: 1, a: 1}
  m_FlipX: 0
  m_FlipY: 0
  m_DrawMode: 0
  m_Size: {x: 0.3, y: 0.3}
  m_AdaptiveModeThreshold: 0.5
  m_SpriteTileMode: 0
  m_WasSpriteAssigned: 1
  m_MaskInteraction: 0
  m_SpriteSortPoint: 0
--- !u!61 &600309676435172689
BoxCollider2D:
  m_ObjectHideFlags: 0
  m_CorrespondingSourceObject: {fileID: 0}
  m_PrefabInstance: {fileID: 0}
  m_PrefabAsset: {fileID: 0}
  m_GameObject: {fileID: 9178346204687294234}
  m_Enabled: 1
  m_Density: 1
  m_Material: {fileID: 0}
  m_IsTrigger: 1
  m_UsedByEffector: 0
  m_UsedByComposite: 0
  m_Offset: {x: 0, y: 0}
  m_SpriteTilingProperty:
    border: {x: 0, y: 0, z: 0, w: 0}
    pivot: {x: 0.5, y: 0.5}
    oldSize: {x: 0.3, y: 0.3}
    newSize: {x: 0.3, y: 0.3}
    adaptiveTilingThreshold: 0.5
    drawMode: 0
    adaptiveTiling: 0
  m_AutoTiling: 0
  serializedVersion: 2
  m_Size: {x: 0.3, y: 0.3}
  m_EdgeRadius: 0
--- !u!114 &2375734480240217384
MonoBehaviour:
  m_ObjectHideFlags: 0
  m_CorrespondingSourceObject: {fileID: 0}
  m_PrefabInstance: {fileID: 0}
  m_PrefabAsset: {fileID: 0}
  m_GameObject: {fileID: 9178346204687294234}
  m_Enabled: 1
  m_EditorHideFlags: 0
  m_Script: {fileID: 11500000, guid: 68d5d1b74a54940ebbe65e39be256248, type: 3}
  m_Name: 
  m_EditorClassIdentifier: 
  wallName: Philimp Leaf
  enabledOnStart: 0
--- !u!1001 &925583227806296371
PrefabInstance:
  m_ObjectHideFlags: 0
  serializedVersion: 2
  m_Modification:
    m_TransformParent: {fileID: 925583227976233548}
    m_Modifications:
    - target: {fileID: 4237492419732876701, guid: 94cc4f8b052ec480781dc581e61070b9,
        type: 3}
      propertyPath: m_Name
      value: Speech Bubble
      objectReference: {fileID: 0}
    - target: {fileID: 4237492419732876701, guid: 94cc4f8b052ec480781dc581e61070b9,
        type: 3}
      propertyPath: m_IsActive
      value: 1
      objectReference: {fileID: 0}
    - target: {fileID: 4237492419732876701, guid: 94cc4f8b052ec480781dc581e61070b9,
        type: 3}
      propertyPath: m_Layer
      value: 9
      objectReference: {fileID: 0}
    - target: {fileID: 1473753033771208000, guid: 94cc4f8b052ec480781dc581e61070b9,
        type: 3}
      propertyPath: m_LocalPosition.x
      value: 0.037
      objectReference: {fileID: 0}
    - target: {fileID: 1473753033771208000, guid: 94cc4f8b052ec480781dc581e61070b9,
        type: 3}
      propertyPath: m_LocalPosition.y
      value: 0.325
      objectReference: {fileID: 0}
    - target: {fileID: 1473753033771208000, guid: 94cc4f8b052ec480781dc581e61070b9,
        type: 3}
      propertyPath: m_LocalPosition.z
      value: 0
      objectReference: {fileID: 0}
    - target: {fileID: 1473753033771208000, guid: 94cc4f8b052ec480781dc581e61070b9,
        type: 3}
      propertyPath: m_LocalRotation.x
      value: -0
      objectReference: {fileID: 0}
    - target: {fileID: 1473753033771208000, guid: 94cc4f8b052ec480781dc581e61070b9,
        type: 3}
      propertyPath: m_LocalRotation.y
      value: 0
      objectReference: {fileID: 0}
    - target: {fileID: 1473753033771208000, guid: 94cc4f8b052ec480781dc581e61070b9,
        type: 3}
      propertyPath: m_LocalRotation.z
      value: 0
      objectReference: {fileID: 0}
    - target: {fileID: 1473753033771208000, guid: 94cc4f8b052ec480781dc581e61070b9,
        type: 3}
      propertyPath: m_LocalRotation.w
      value: 1
      objectReference: {fileID: 0}
    - target: {fileID: 1473753033771208000, guid: 94cc4f8b052ec480781dc581e61070b9,
        type: 3}
      propertyPath: m_RootOrder
      value: 0
      objectReference: {fileID: 0}
    - target: {fileID: 1473753033771208000, guid: 94cc4f8b052ec480781dc581e61070b9,
        type: 3}
      propertyPath: m_LocalEulerAnglesHint.x
      value: 0
      objectReference: {fileID: 0}
    - target: {fileID: 1473753033771208000, guid: 94cc4f8b052ec480781dc581e61070b9,
        type: 3}
      propertyPath: m_LocalEulerAnglesHint.y
      value: 0
      objectReference: {fileID: 0}
    - target: {fileID: 1473753033771208000, guid: 94cc4f8b052ec480781dc581e61070b9,
        type: 3}
      propertyPath: m_LocalEulerAnglesHint.z
      value: 0
      objectReference: {fileID: 0}
    - target: {fileID: 1473753033771208000, guid: 94cc4f8b052ec480781dc581e61070b9,
        type: 3}
      propertyPath: m_LocalScale.x
      value: 1
      objectReference: {fileID: 0}
    - target: {fileID: 7128519476632022546, guid: 94cc4f8b052ec480781dc581e61070b9,
        type: 3}
      propertyPath: m_LocalPosition.y
      value: 0.26100004
      objectReference: {fileID: 0}
    - target: {fileID: 1289151750462066590, guid: 94cc4f8b052ec480781dc581e61070b9,
        type: 3}
      propertyPath: m_Layer
      value: 9
      objectReference: {fileID: 0}
    - target: {fileID: 365474754100622297, guid: 94cc4f8b052ec480781dc581e61070b9,
        type: 3}
      propertyPath: m_Color.r
      value: 1
      objectReference: {fileID: 0}
    - target: {fileID: 365474754100622297, guid: 94cc4f8b052ec480781dc581e61070b9,
        type: 3}
      propertyPath: m_Color.g
      value: 1
      objectReference: {fileID: 0}
    - target: {fileID: 365474754100622297, guid: 94cc4f8b052ec480781dc581e61070b9,
        type: 3}
      propertyPath: m_Color.b
      value: 1
      objectReference: {fileID: 0}
    m_RemovedComponents: []
  m_SourcePrefab: {fileID: 100100000, guid: 94cc4f8b052ec480781dc581e61070b9, type: 3}
--- !u!1 &3897528946398495918 stripped
GameObject:
  m_CorrespondingSourceObject: {fileID: 4237492419732876701, guid: 94cc4f8b052ec480781dc581e61070b9,
    type: 3}
  m_PrefabInstance: {fileID: 925583227806296371}
  m_PrefabAsset: {fileID: 0}
--- !u!4 &1777663572883694707 stripped
Transform:
  m_CorrespondingSourceObject: {fileID: 1473753033771208000, guid: 94cc4f8b052ec480781dc581e61070b9,
    type: 3}
  m_PrefabInstance: {fileID: 925583227806296371}
  m_PrefabAsset: {fileID: 0}
